<record><leader>00000cas a22000007a 4500</leader><controlfield tag="001">13801495</controlfield><controlfield tag="008">860630d18891895utucr ne      0    0eng d</controlfield><datafield ind1=" " ind2=" " tag="010"><subfield code="a">sn 86091391 </subfield></datafield><datafield ind1=" " ind2=" " tag="040"><subfield code="a">UNP</subfield><subfield code="b">eng</subfield><subfield code="c">UNP</subfield><subfield code="d">OCLCQ</subfield></datafield><datafield ind1=" " ind2=" " tag="042"><subfield code="a">msc</subfield></datafield><datafield ind1="0" ind2=" " tag="130"><subfield code="a">Semi-weekly herald (Salt Lake City, Utah)</subfield></datafield><datafield ind1="1" ind2="4" tag="245"><subfield code="a">The Semi-weekly herald.</subfield></datafield><datafield ind1=" " ind2=" " tag="260"><subfield code="a">Salt Lake City, Utah :</subfield><subfield code="b">Herald Pub. Co.,</subfield><subfield code="c">-1895.</subfield></datafield><datafield ind1=" " ind2=" " tag="300"><subfield code="a">v. :</subfield><subfield code="b">ill. (chiefly advertisements) ;</subfield><subfield code="c">59 cm.</subfield></datafield><datafield ind1=" " ind2=" " tag="310"><subfield code="a">Semiweekly</subfield></datafield><datafield ind1="1" ind2=" " tag="362"><subfield code="a">Began in Mar. 1889.</subfield></datafield><datafield ind1="0" ind2=" " tag="362"><subfield code="a">-v. 25, no. 57 (Apr. 27, 1895).</subfield></datafield><datafield ind1=" " ind2=" " tag="525"><subfield code="a">"Utah church and farm" supplement issued, 1894-1895.</subfield></datafield><datafield ind1=" " ind2=" " tag="580"><subfield code="a">Daily ed.: Salt Lake herald (Salt Lake City, Utah : 1870).</subfield></datafield><datafield ind1=" " ind2=" " tag="588"><subfield code="a">Description based on: Vol. 19, no. 56 (Mar. 6, 1889).</subfield></datafield><datafield ind1=" " ind2=" " tag="752"><subfield code="a">United States</subfield><subfield code="b">Utah</subfield><subfield code="c">Salt Lake</subfield><subfield code="d">Salt Lake City.</subfield></datafield><datafield ind1="1" ind2=" " tag="775"><subfield code="t">Salt Lake herald (Salt Lake City, Utah : 1870)</subfield><subfield code="w">(DLC)sn 85058130</subfield></datafield><datafield ind1="0" ind2="0" tag="780"><subfield code="t">Salt Lake semi-weekly herald</subfield><subfield code="w">(DLC)sn 83021446</subfield><subfield code="w">(OCoLC)10168859</subfield></datafield><datafield ind1="0" ind2="0" tag="785"><subfield code="t">Salt Lake herald (Salt Lake City, Utah : Semiweekly)</subfield><subfield code="w">(DLC)sn 86091392</subfield><subfield code="w">(OCoLC)13801580</subfield></datafield><datafield ind1="1" ind2=" " tag="029"><subfield code="a">AU@</subfield><subfield code="b">000023435718</subfield></datafield></record>